@online{Spindler,
    author="Spindler, Ashley",
    title     = "How artificial intelligence is changing astronomy",
    url       = "https://astronomy.com/news/2022/07/how-artificial-intelligence-is-changing-astronomy"
}

@online{Ananthaswamy,
    author="Anil Ananthaswamy",
    title     = "Faced with a Data Deluge, Astronomers Turn to Automation",
    url       = "https://www.scientificamerican.com/article/faced-with-a-data-deluge-astronomers-turn-to-automation/"
}